@ARTICLE{tam19912d,
  author = {Tam, TKH and Armstrong, Cecil G},
  title = {2D finite element mesh generation by medial axis subdivision},
  journal = {Advances in engineering software and workstations},
  year = {1991},
  volume = {13},
  pages = {313--324},
  number = {5},
  file = {:tam19912d.pdf:PDF},
  publisher = {Elsevier}
}


@BOOK{sheng2008,
        Author = {盛新庆},
        Publisher = {中国科学技术大学出版社},
        Title = {计算电磁学要论},
        Year = {2008}}

@article{hu_family_2015,
	title = {A family of symmetric mixed finite elements for linear elasticity on tetrahedral grids},
	volume = {58},
	issn = {1674-7283, 1869-1862},
	language = {en},
	number = {2},
	urldate = {2019-01-27},
	journal = {Science China Mathematics},
	author = {Hu, Jun and Zhang, ShangYou},
	month = feb,
	year = {2015},
	pages = {297--307},
	}

@article{demlow_higher-order_2009,
	title = {Higher-{Order} {Finite} {Element} {Methods} and {Pointwise} {Error} {Estimates} for {Elliptic} {Problems} on {Surfaces}},
	volume = {47},
	number = {2},
	urldate = {2019-01-21},
	journal = {SIAM Journal on Numerical Analysis},
	author = {Demlow, Alan},
	month = jan,
	year = {2009},
	pages = {805--827}
}

@article{burstedde_p4est_2011,
	title = {p4est : {Scalable} {Algorithms} for {Parallel} {Adaptive} {Mesh} {Refinement} on {Forests} of {Octrees}},
	volume = {33},
	issn = {1064-8275, 1095-7197},
	shorttitle = {p4est},
	url = {http://epubs.siam.org/doi/10.1137/100791634},
	doi = {10.1137/100791634},
	language = {en},
	number = {3},
	urldate = {2019-05-19},
	journal = {SIAM Journal on Scientific Computing},
	author = {Burstedde, Carsten and Wilcox, Lucas C. and Ghattas, Omar},
	month = jan,
	year = {2011},
	pages = {1103--1133}
}
